<collection xmlns="http://www.loc.gov/MARC21/slim">
<record>
  <leader>00875nam0a22002051i 450 </leader>
  <controlfield tag="001">IT\ICCU\CNCE\056992</controlfield>
  <controlfield tag="005">20080207000000.0</controlfield>
  <datafield tag="100" ind1=" " ind2=" ">
    <subfield code="a">20040331d1597        0itac0103    ba</subfield>
  </datafield>
  <datafield tag="101" ind1=" " ind2=" ">
    <subfield code="a">LAT</subfield>
  </datafield>
  <datafield tag="102" ind1=" " ind2=" ">
    <subfield code="a">IT</subfield>
  </datafield>
  <datafield tag="200" ind1="1" ind2=" ">
    <subfield code="a">℗Hieronimi Panhormitani ordinis Predicatorum ℗Confessionario volgare</subfield>
  </datafield>
  <datafield tag="210" ind1=" " ind2=" ">
    <subfield code="a">In Palermo</subfield>
    <subfield code="c">apresso Ioanne Baptista Maringo</subfield>
    <subfield code="d">1597</subfield>
  </datafield>
  <datafield tag="620" ind1=" " ind2=" ">
    <subfield code="a">IT</subfield>
    <subfield code="d">Palermo</subfield>
  </datafield>
  <datafield tag="700" ind1=" " ind2="0">
    <subfield code="a">Girolamo</subfield>
    <subfield code="c"> : da#Palermo</subfield>
    <subfield code="3">IT\ICCU\CNCA\006144</subfield>
  </datafield>
  <datafield tag="712" ind1="0" ind2="0">
    <subfield code="a">Maringo, Giovanni Battista</subfield>
    <subfield code="3">IT\ICCU\CNCT\001070</subfield>
    <subfield code="4">650</subfield>
  </datafield>
  <datafield tag="790" ind1=" " ind2="0">
    <subfield code="a">Hieronymus</subfield>
    <subfield code="c"> : Panormitanus</subfield>
    <subfield code="3">IT\ICCU\CNCA\020005</subfield>
    <subfield code="z">Girolamo : da#Palermo</subfield>
  </datafield>
  <datafield tag="790" ind1=" " ind2="0">
    <subfield code="a">Hieronymus</subfield>
    <subfield code="c"> : a#Palermo</subfield>
    <subfield code="3">IT\ICCU\CNCA\020006</subfield>
    <subfield code="z">Girolamo : da#Palermo</subfield>
  </datafield>
  <datafield tag="791" ind1="0" ind2="0">
    <subfield code="a">Maringhus, Ioannes Baptista</subfield>
    <subfield code="3">IT\ICCU\CNCT\005034</subfield>
    <subfield code="z">Maringo, Giovanni Battista</subfield>
  </datafield>
  <datafield tag="791" ind1="0" ind2="0">
    <subfield code="a">Maringhi, Baptista</subfield>
    <subfield code="3">IT\ICCU\CNCT\005035</subfield>
    <subfield code="z">Maringo, Giovanni Battista</subfield>
  </datafield>
  <datafield tag="801" ind1=" " ind2="3">
    <subfield code="a">IT</subfield>
    <subfield code="b">ICCU</subfield>
    <subfield code="c">20201115</subfield>
  </datafield>
</record>
</collection>
